@inproceedings{soares2010flexsc,
  title={FlexSC: Flexible System Call Scheduling with Exception-Less System Calls.},
  author={Soares, Livio and Stumm, Michael},
  booktitle={Osdi},
  volume={10},
  pages={1--8},
  year={2010}
}

@misc{vicii-cheaper-by-the-dozen,
title={"VIC-II for beginners: Screen modes, cheaper by the dozen},
url={http://dustlayer.com/vic-ii/2013/4/26/vic-ii-for-beginners-screen-modes-cheaper-by-the-dozen},
author={XXX Set me},
year={XXX Set me}
}

@book{montfort201210,
  title={10 PRINT CHR \$(205.5+ RND (1));: GOTO 10},
  author={Montfort, Nick and Baudoin, Patsy and Bell, John and Bogost, Ian and Douglass, Jeremy and Marino, Mark C and Mateas, Michael and Reas, Casey and Sample, Mark and Vawter, Noah},
  year={2012},
  publisher={MIT Press}
}
